@article{cute,
  title={CUTE: A concolic unit testing engine for C},
  author={Sen, Koushik and Marinov, Darko and Agha, Gul},
  journal={ACM SIGSOFT Software Engineering Notes},
  volume={30},
  number={5},
  pages={263--272},
  year={2005},
  publisher={ACM New York, NY, USA}
}

@inproceedings{klee,
  title={Klee: unassisted and automatic generation of high-coverage tests for complex systems programs.},
  author={Cadar, Cristian and Dunbar, Daniel and Engler, Dawson R and others},
  booktitle={OSDI},
  volume={8},
  pages={209--224},
  year={2008}
}

@inproceedings{dart,
  title={DART: Directed automated random testing},
  author={Godefroid, Patrice and Klarlund, Nils and Sen, Koushik},
  booktitle={Proceedings of the 2005 ACM SIGPLAN conference on Programming language design and implementation},
  pages={213--223},
  year={2005}
}

@inproceedings{symcc,
  title={Symbolic execution with SymCC: Don't interpret, compile!},
  author={Poeplau, Sebastian and Francillon, Aur{\'e}lien},
  booktitle={Proceedings of the 29th USENIX Conference on Security Symposium},
  pages={181--198},
  year={2020}
}

@article{s2e,
  title={S2E: A platform for in-vivo multi-path analysis of software systems},
  author={Chipounov, Vitaly and Kuznetsov, Volodymyr and Candea, George},
  journal={Acm Sigplan Notices},
  volume={46},
  number={3},
  pages={265--278},
  year={2011},
  publisher={ACM New York, NY, USA}
}

@inproceedings{veritesting,
  title={Enhancing symbolic execution with veritesting},
  author={Avgerinos, Thanassis and Rebert, Alexandre and Cha, Sang Kil and Brumley, David},
  booktitle={Proceedings of the 36th International Conference on Software Engineering},
  pages={1083--1094},
  year={2014}
}

@inproceedings{overify,
  title={-OVERIFY: Optimizing programs for fast verification},
  author={Wagner, Jonas and Kuznetsov, Volodymyr and Candea, George},
  booktitle={14th Workshop on Hot Topics in Operating Systems (HotOS XIV)},
  number={CONF},
  year={2013},
  organization={USENIX Association}
}

@article{statemerging,
  title={Efficient state merging in symbolic execution},
  author={Kuznetsov, Volodymyr and Kinder, Johannes and Bucur, Stefan and Candea, George},
  journal={Acm Sigplan Notices},
  volume={47},
  number={6},
  pages={193--204},
  year={2012},
  publisher={ACM New York, NY, USA}
}
